@article{mossey_self-rated_1982,
	title = {Self-rated health: a predictor of mortality among the elderly},
	volume = {72},
	issn = {0090-0036},
	shorttitle = {Self-rated health},
	doi = {10.2105/ajph.72.8.800},
	language = {eng},
	number = {8},
	journal = {American Journal of Public Health},
	author = {Mossey, J. M. and Shapiro, E.},
	month = aug,
	year = {1982},
	pmid = {7091475},
	pmcid = {PMC1650365},
	keywords = {Aged, Attitude to Health, Female, Health, Health Status, Humans, Income, Longitudinal Studies, Male, Manitoba, Mortality, Personal Satisfaction, Time Factors},
	pages = {800--808},
	file = {Texte intégral:C\:\\Users\\odeli\\Zotero\\storage\\EW2SL54G\\Mossey et Shapiro - 1982 - Self-rated health a predictor of mortality among .pdf:application/pdf}
}
@article{nolen2001gender,
  title={Gender differences in depression},
  author={Nolen-Hoeksema, Susan},
  journal={Current directions in psychological science},
  volume={10},
  number={5},
  pages={173--176},
  year={2001},
  publisher={SAGE Publications Sage CA: Los Angeles, CA}
}
@article{crossley_reliability_2002,
	title = {The reliability of self-assessed health status},
	volume = {21},
	issn = {0167-6296},
	language = {eng},
	number = {4},
	journal = {Journal of Health Economics},
	author = {Crossley, Thomas F. and Kennedy, Steven},
	month = jul,
	year = {2002},
	pmid = {12146595},
	keywords = {Adolescent, Adult, Age Factors, Aged, Australia, Bias, Family Characteristics, Female, Health Status, Health Surveys, Humans, Income, Interviews as Topic, Male, Middle Aged, Models, Statistical, Occupations, Self Concept, Surveys and Questionnaires},
	pages = {643--658}
}

@article{millan-calenti_depressive_2012,
	title = {Depressive symptoms and other factors associated with poor self-rated health in the elderly: gender differences},
	volume = {12},
	issn = {1447-0594},
	shorttitle = {Depressive symptoms and other factors associated with poor self-rated health in the elderly},
	doi = {10.1111/j.1447-0594.2011.00745.x},
	language = {eng},
	number = {2},
	journal = {Geriatrics \& Gerontology International},
	author = {Millán-Calenti, José C. and Sánchez, Alba and Lorenzo, Trinidad and Maseda, Ana},
	month = apr,
	year = {2012},
	pmid = {21929719},
	keywords = {Aged, Aged, 80 and over, Cross-Sectional Studies, Depression, Female, Health Status, Humans, Male, Self Report, Sex Factors, Surveys and Questionnaires},
	pages = {198--206}
}

@article{mansyur_social_2008,
	title = {Social capital, income inequality, and self-rated health in 45 countries},
	volume = {66},
	issn = {0277-9536},
	doi = {10.1016/j.socscimed.2007.08.015},
	language = {eng},
	number = {1},
	journal = {Social Science \& Medicine (1982)},
	author = {Mansyur, Carol and Amick, Benjamin C. and Harrist, Ronald B. and Franzini, Luisa},
	month = jan,
	year = {2008},
	pmid = {17913321},
	keywords = {Attitude to Health, Cross-Sectional Studies, Databases, Factual, Female, Global Health, Health Status, Health Surveys, Humans, Income, Male, Self Concept, Social Class, Social Conditions, Social Environment, Social Support, Socioeconomic Factors},
	pages = {43--56}
}

@article{alvarez-galvez_impact_2013,
	title = {The impact of socio-economic status on self-rated health: study of 29 countries using {European} social surveys  (2002-2008)},
	volume = {10},
	issn = {1660-4601},
	shorttitle = {The impact of socio-economic status on self-rated health},
	doi = {10.3390/ijerph10030747},
	language = {eng},
	number = {3},
	journal = {International Journal of Environmental Research and Public Health},
	author = {Alvarez-Galvez, Javier and Rodero-Cosano, Maria Luisa and Motrico, Emma and Salinas-Perez, Jose A. and Garcia-Alonso, Carlos and Salvador-Carulla, Luis},
	month = feb,
	year = {2013},
	pmid = {23439514},
	pmcid = {PMC3709282},
	keywords = {Diagnostic Self Evaluation, Europe, Health Status, Health Surveys, Humans, Socioeconomic Factors},
	pages = {747--761},
	file = {Texte intégral:C\:\\Users\\odeli\\Zotero\\storage\\P87A3YDD\\Alvarez-Galvez et al. - 2013 - The impact of socio-economic status on self-rated .pdf:application/pdf}
}

@article{wu_relationship_2013,
	title = {The relationship between self-rated health and objective health status: a population-based study},
	volume = {13},
	issn = {1471-2458},
	shorttitle = {The relationship between self-rated health and objective health status},
	doi = {10.1186/1471-2458-13-320},
	language = {eng},
	journal = {BMC public health},
	author = {Wu, Shunquan and Wang, Rui and Zhao, Yanfang and Ma, Xiuqiang and Wu, Meijing and Yan, Xiaoyan and He, Jia},
	month = apr,
	year = {2013},
	pmid = {23570559},
	pmcid = {PMC3637052},
	keywords = {Adult, China, Cities, Diagnostic Self Evaluation, Disease, Female, Health Status, Humans, Male, Middle Aged, Prevalence, Reproducibility of Results, Risk Factors},
	pages = {320},
	file = {Texte intégral:C\:\\Users\\odeli\\Zotero\\storage\\V42SLVAF\\Wu et al. - 2013 - The relationship between self-rated health and obj.pdf:application/pdf}
}

@article{frerot_what_2018,
	title = {What is epidemiology? {Changing} definitions of epidemiology 1978-2017},
	volume = {13},
	issn = {1932-6203},
	shorttitle = {What is epidemiology?},
	url = {https://www.ncbi.nlm.nih.gov/pmc/articles/PMC6287859/},
	doi = {10.1371/journal.pone.0208442},
	number = {12},
	urldate = {2019-08-19},
	journal = {PLoS ONE},
	author = {Frérot, Mathilde and Lefebvre, Annick and Aho, Simon and Callier, Patrick and Astruc, Karine and Aho Glélé, Ludwig Serge},
	month = dec,
	year = {2018},
	pmid = {30532230},
	pmcid = {PMC6287859},
	file = {PubMed Central Full Text PDF:C\:\\Users\\odeli\\Zotero\\storage\\5JB6PLNK\\Frérot et al. - 2018 - What is epidemiology Changing definitions of epid.pdf:application/pdf}
}

@misc{noauthor_code_nodate,
	title = {Code de la sécurité sociale - {Article} {L}351-8}
}

@article{fatas_experimental_2007,
	title = {An {Experimental} {Test} on {Retirement} {Decisions}},
	volume = {45},
	issn = {1465-7295},
	url = {https://onlinelibrary.wiley.com/doi/abs/10.1111/j.1465-7295.2007.00027.x},
	doi = {10.1111/j.1465-7295.2007.00027.x},
	language = {en},
	number = {3},
	urldate = {2019-08-19},
	journal = {Economic Inquiry},
	author = {Fatas, Enrique and Lacomba, Juan A. and Lagos, Francisco},
	year = {2007},
	pages = {602--614},
	file = {Snapshot:C\:\\Users\\odeli\\Zotero\\storage\\ERPW2D5T\\j.1465-7295.2007.00027.html:text/html}
}

@article{warttig_new_2013,
	title = {New, normative, {English}-sample data for the {Short} {Form} {Perceived} {Stress} {Scale} ({PSS}-4)},
	volume = {18},
	issn = {1359-1053},
	url = {https://doi.org/10.1177/1359105313508346},
	doi = {10.1177/1359105313508346},
	language = {en},
	number = {12},
	urldate = {2019-08-23},
	journal = {Journal of Health Psychology},
	author = {Warttig, Sheryl L and Forshaw, Mark J and South, Jane and White, Alan K},
	month = dec,
	year = {2013},
	pages = {1617--1628}
}


@article{sass_comparaison_2006,
	title = {Comparaison du score individuel de précarité des {Centres} d'examens de santé, {EPICES}, à la définition socio-administrative de la précarité},
	volume = {Vol. 18},
	issn = {0995-3914},
	url = {https://www.cairn.info/revue-sante-publique-2006-4-page-513.htm},
	language = {fr},
	number = {4},
	urldate = {2019-08-23},
	journal = {Sante Publique},
	author = {Sass, Catherine and Guéguen, R. and Moulin, J.-J. and Abric, L. and Dauphinot, V. and Dupré, C. and Giordanella, J.-P. and Girard, F. and Guenot, C. and Labbé, Émilie and Rosa, Emilio La and Magnier, P. and Martin, Emmanuelle and Royer, B. and Rubirola, M. and Gerbaud, Laurent},
	year = {2006},
	pages = {513--522},
	file = {Full Text PDF:C\:\\Users\\odeli\\Zotero\\storage\\NH3M8FUC\\Sass et al. - 2006 - Comparaison du score individuel de précarité des C.pdf:application/pdf;Snapshot:C\:\\Users\\odeli\\Zotero\\storage\\D48EZLVF\\revue-sante-publique-2006-4-page-513.html:text/html}
}
@article{bizouarn_leco-epidemiologie_2016,
	title = {L’éco-épidémiologie - {Vers} une épidémiologie de la complexité},
	volume = {32},
	copyright = {© 2016 médecine/sciences – Inserm},
	issn = {0767-0974, 1958-5381},
	url = {https://www.medecinesciences.org/articles/medsci/abs/2016/06/medsci20163205p500/medsci20163205p500.html},
	doi = {10.1051/medsci/20163205018},
	language = {fr},
	number = {5},
	urldate = {2019-08-19},
	journal = {médecine/sciences},
	author = {Bizouarn, Philippe},
	month = may,
	year = {2016},
	pages = {500--505},
	file = {Full Text PDF:C\:\\Users\\odeli\\Zotero\\storage\\UVI3DQ8C\\Bizouarn - 2016 - L’éco-épidémiologie - Vers une épidémiologie de la.pdf:application/pdf;Snapshot:C\:\\Users\\odeli\\Zotero\\storage\\IT6M2LS4\\medsci20163205p500.html:text/html}
}



@article{westerlund_self-rated_2009,
	title = {Self-rated health before and after retirement in {France} ({GAZEL}): a cohort study},
	volume = {374},
	issn = {1474-547X},
	shorttitle = {Self-rated health before and after retirement in {France} ({GAZEL})},
	doi = {10.1016/S0140-6736(09)61570-1},
	language = {eng},
	number = {9705},
	journal = {Lancet (London, England)},
	author = {Westerlund, Hugo and Kivimäki, Mika and Singh-Manoux, Archana and Melchior, Maria and Ferrie, Jane E. and Pentti, Jaana and Jokela, Markus and Leineweber, Constanze and Goldberg, Marcel and Zins, Marie and Vahtera, Jussi},
	month = dec,
	year = {2009},
	pmid = {19897238},
	keywords = {Adult, Cohort Studies, Female, France, Health Status, Humans, Job Satisfaction, Male, Middle Aged, Morbidity, Occupations, Quality of Life, Retirement, Sick Leave},
	pages = {1889--1896},
	file = {Version soumise:C\:\\Users\\odeli\\Zotero\\storage\\GV38RXVQ\\Westerlund et al. - 2009 - Self-rated health before and after retirement in F.pdf:application/pdf}
}

@article{empana_paris_2011,
	title = {Paris {Prospective} {Study} {III}: a study of novel heart rate parameters, baroreflex sensitivity and risk of sudden death},
	volume = {26},
	issn = {1573-7284},
	shorttitle = {Paris {Prospective} {Study} {III}},
	doi = {10.1007/s10654-011-9618-x},
	language = {eng},
	number = {11},
	journal = {European Journal of Epidemiology},
	author = {Empana, Jean-Philippe and Bean, Kathy and Guibout, Catherine and Thomas, Frédérique and Bingham, Annie and Pannier, Bruno and Boutouyrie, Pierre and Jouven, Xavier and {PPS3 Study Group}},
	month = nov,
	year = {2011},
	pmid = {21964902},
	keywords = {Age Factors, Aged, Baroreflex, Blood Pressure, Carotid Artery, Common, Coronary Disease, Death, Sudden, Female, Follow-Up Studies, France, Heart Rate, Humans, Hypertension, Male, Middle Aged, Prospective Studies, Risk, Risk Factors, Self-Assessment, Sensitivity and Specificity, Surveys and Questionnaires},
	pages = {887--892}
}